@article{Blouri2020,
author = {Blouri, Yashar and Ehrlich, Maximilian V.},
doi = {10.1016/j.jinteco.2020.103319},
issn = {18730353},
journal = {Journal of International Economics},
keywords = {Economic geography,European structural funds,Place-based policies,Public investments,Structural estimation,Subsidies},
mendeley-groups = {General Equilibrium Models},
month = {7},
publisher = {Elsevier B.V.},
title = {{On the optimal design of place-based policies: A structural evaluation of EU regional transfers}},
volume = {125},
year = {2020}
}

@article{Bravo2013,
author = {Bravo, Javiera},
doi = {10.1515/bejeap-2012-0059},
journal = {JOURNAL OF ECONOMIC ANALYSIS & POLICY},
keywords = {Economic geography,European structural funds,Place-based policies,Public investments,Structural estimation,Subsidies},
mendeley-groups = {General Equilibrium Models},
month = {jul},
publisher = {Elsevier B.V.},
title = {{The Incentive Effect of Equalization Grants on Tax Collection}},
volume = {125},
year = {2013}
}



@article{Paredes2019,
author = {Oyarzo, Mauricio and Paredes, Dusan},
doi = {10.1515/bejeap-2012-0059},
journal = {Resources Policy},
month = {jul},
publisher = {Elsevier B.V.},
title = {{Revisiting the link between resource windfalls and subnational crowding out for local mining economies in Chile}},
volume = {125},
year = {2019}
}
